<?xml version="1.0" encoding="UTF-8"?><collection xmlns="http://www.loc.gov/MARC21/slim"><record><leader>00516nam--2200181-i-4500</leader><controlfield tag="001">000002814</controlfield><controlfield tag="002">20161230</controlfield><controlfield tag="005">20161230201025</controlfield><controlfield tag="008">060222s1000------------r-----000-0-fre-d</controlfield><datafield ind1=" " ind2=" " tag="040"><subfield code="a">IFIN-HH</subfield></datafield><datafield ind1=" " ind2=" " tag="041"><subfield code="a">fre</subfield></datafield><datafield ind1=" " ind2=" " tag="080"><subfield code="a">519.21</subfield></datafield><datafield ind1="1" ind2=" " tag="100"><subfield code="a">Blank-lapierre, A</subfield></datafield><datafield ind1="1" ind2="0" tag="245"><subfield code="a">Theorie des fonctions aleatoires. applications a divers phenomenes de fluctuation</subfield><subfield code="c">A. Blank-Lapierre</subfield></datafield><datafield ind1=" " ind2=" " tag="260"><subfield code="a">Paris, Masson Et C-ie, 1953</subfield></datafield><datafield ind1=" " ind2=" " tag="300"><subfield code="a">XVI + 693 P. CU FIGURI</subfield></datafield><datafield ind1=" " ind2=" " tag="852"><subfield code="a">5610</subfield><subfield code="c">519.2</subfield></datafield><datafield ind1=" " ind2=" " tag="CAT"><subfield code="a">Sys</subfield><subfield code="c">20100514</subfield><subfield code="h">103545</subfield></datafield></record></collection>